@InProceedings{sartori11stochastic,
  title={Stochastic Computing: Embracing Errors in Architecture
    and Design of Processors and Applications},
  author={John Sartori and Joseph Sloan and Rakesh Kumar},
  booktitle = {International
    Conference on Compilers,
    Architecture, and
      Synthesis of Embedded
      System}, 
  year={2011}
}
  

@article{agarwal11reliable,
  author    = {Alekh Agarwal and
               Olivier Chapelle and
               Miroslav Dud\'{\i}k and
               John Langford},
  title     = {A Reliable Effective Terascale Linear Learning System},
  journal   = {CoRR},
  year      = {2011},
  ee        = {http://arxiv.org/abs/1110.4198},
  bibsource = {DBLP, http://dblp.uni-trier.de}
}

@InProceedings{oberil11numerical,
author = {Fabian Oboril and Mehdi B. Tahoori and Vincent Heuveline and Dimitar Lukarski and Jan-Philipp Weiss},
title = {Numerical Defect Correction as an Algorithm-Based Fault Tolerance Technique for Iterative Solvers},
booktitle ={Pacific Rim International Symposium on Dependable Computing},
year = {2011},
pages = {144-153},
publisher = {IEEE Computer Society},
address = {Los Alamitos, CA, USA},
}

@article{niu11hogwild,
  author    = {Feng Niu and
               Benjamin Recht and
               Christopher Re and
               Stephen J. Wright},
  title     = {HOGWILD!: A Lock-Free Approach to Parallelizing Stochastic
               Gradient Descent},
  journal   = {CoRR},
  year      = {2011},
  ee        = {http://arxiv.org/abs/1106.5730},
  bibsource = {DBLP, http://dblp.uni-trier.de}
}

@article{gem5,
    address = {New York, NY, USA},
    author = {Binkert, Nathan and Beckmann, Bradford and Black, Gabriel and Reinhardt, Steven K. and Saidi, Ali and Basu, Arkaprava and Hestness, Joel and Hower, Derek R. and Krishna, Tushar and Sardashti, Somayeh and Sen, Rathijit and Sewell, Korey and Shoaib, Muhammad and Vaish, Nilay and Hill, Mark D. and Wood, David A.},
    citeulike-article-id = {9840061},
    citeulike-linkout-0 = {http://portal.acm.org/citation.cfm?id=2024716.2024718},
    issn = {0163-5964},
    journal = {SIGARCH Comput. Archit. News},
    keywords = {computer-architecture-news, gem5},
    month = aug,
    pages = {1--7},
    posted-at = {2011-10-01 14:50:50},
    priority = {2},
    publisher = {ACM},
    title = {{The gem5 simulator}},
    volume = {39},
    year = {2011}
}

@book{Koller2009pgm,
  title = {Probabilistic Graphical Models: Principles and Techniques},
  author = {D. Koller and N. Friedman},
  year = 2009,
  publisher = {MIT Press},
}

@inproceedings{AFR11,
  author = {Nathanael L. Ackerman and Cameron E. Freer and Daniel M. Roy},
  title = {Noncomputable conditional distributions},
  year = {2011},
  booktitle = {Proc. of the 26th Ann. Symp. on Logic in Comp. Sci.},
  publisher = {IEEE Press},
}

@inproceedings{schwing2011distributed,
  author    = {Alexander G. Schwing and
               Tamir Hazan and
               Marc Pollefeys and
               Raquel Urtasun},
  title     = {Distributed message passing for large scale graphical models},
  booktitle = {CVPR},
  year      = {2011},
  pages     = {1833-1840},
}

@inproceedings{CsekeHeskes2010,
author = {B. Cseke and T. Heskes},
title = {Improving posterior marginal approximations in latent Gaussian models}, 
booktitle = {Proceedings of the Thirteenth International Conference on Artificial Intelligence and Statistics }, 
year = {2010}, 
editor = {Y. W. Teh and M. Titterington},
volume = {9}, 
pages = {121-128}, 
}

